@UNPUBLISHED{ SystemBurn2009,
    author = {
	Joshua S. Ladd and
	Nicholas R. Lewkow and
	Stephen W. Poole and
	Stephen W. Hodson
    },
    title = {SystemBurn: A total system benchmark},
    note = "Internal design study report for a script-based prototype",
    month = Aug,
    year = 2009
}

@TECHREPORT{ SystemBurn2010,
    author = {
	Jeffery A. Kuehn and
	Stephen W. Poole and
	Stephen W. Hodson and
	Jonathan D. Dobson and
	David B. Reister and
	Nicholas R. Lewkow and
	S. Ross Glandon and
	Jacob T. Peek
    },
    title = "SystemBurn: Principles of Design and Operation",
    month = Aug
    year = 2010
}

